@inproceedings{bult:usenix91,
	title = "A Structure for Transportable, Dynamic Multimedia Documents",
	author = "Dick C.A. Bulterman
		  and Guido van Rossum
		  and Robert van Liere",
	booktitle = "Proceedings of the 1991 Summer USENIX Conference",
	publisher = "The USENIX Association",
	year = "1991",
}

@techreport{bult:gogh90,
	title = "The {CWI} van {G}ogh Multimedia Research Project: Goals
		 and Objectives",
	author = "Dick C.A. Bulterman",
	institution = "CWI",
	year = "1990",
	number = "CST-90.1004",
}

@article{Amoeba:IEEE,
	title = "{A}moeba: A Distributed Operating System for the 1990s",
	author = "S.J. Mullender
		and G. van Rossum
		and A.S. Tanenbaum
		and R. van Renesse
		and J.M. van Staveren",
	journal = "IEEE Computer Magazine",
	volume = "23",
	number = "5",
	month = "May",
	year = "1990",
	pages = "44-53",
}

@article{Amoeba:CACM,
	title = "Experiences with the {A}moeba Distributed Operating System",
	author = "A.S. Tanenbaum
and R. van Renesse
and J.M. van Staveren
and G.J. Sharp
and S.J. Mullender
and A.J. Jansen
and G. van Rossum",
journal = "Communications of the ACM",
volume = "33",
number = "12",
month = "December",
year ="1990",
pages = "46-63",
}

@inproceedings{AIL,
title = "{AIL} --- A Class-Oriented Stub Generator for {A}moeba",
author = "G. van Rossum",
editor = {E W. Schr\"{o}der-Preikschat
and E. W. Zimmer},
booktitle = "Workshop on Progress in Distributed Operating Systems and Distributed Systems Management",
publisher = "Springer Verlag",
series = "Lecture Notes in Computer Science",
volume = "433",
year = "1990",
pages = "13-21",
}

@techreport{STDWIN,
title = "{STDWIN} --- A Standard Window System Interface",
author = "G. van Rossum",
number = "CS-R8817",
institution = "CWI",
address = "Amsterdam",
month = "April",
year = "1988",
}

@book{ABC,
title = "{ABC} Programmer's Handbook",
author = "Leo Geurts
and Lambert Meertens
and Steven Pemberton",
publisher = "Prentice-Hall",
address = "London",
year = "1990",
note = "ISBN 0-13-000027-2",
}

@manual{Flume,
title = "{F}lume --- Remote Procedure Call Stub Generator for {M}odula-2+",
author = "A.D. Birrell
and E.D. Lazowska
and E. Wobber",
organization = "DEC SRC",
address = "Palo Alto, CA",
year = "1987",
note = "(Topaz manual page)",
}

@techreport{Evolving,
title = "Evolving the {UNIX} System Interface to Support Multithreaded Programs",
author = "P.R. McJones
and G.F. Swart",
number = "21",
institution = "DEC SRC",
address = "Palo Alto, CA",
month = "September",
year = "1987",
}

@inproceedings{Tcl,
title = "{T}cl: an Embeddable Command Language",
author = "John K. Ousterhout",
booktitle = "Proceedings of the Winter 1990 USENIX Conference",
publisher = "USENIX Association",
address = "Washington, DC",
month = "January",
year = "1990",
pages = "133-146",
}

@article{RPC,
title = "Implementing Remote Procedure Calls",
author = "A. D. Birrell
and B. J. Nelson",
journal = "ACM Transactions on Computer Systems",
volume = "2",
number = "1",
month = "February",
year = "1984",
pages = "39-59",
}

@techreport{Modula-3,
title = "{M}odula-3 Report (revised)",
author = "Luca Cardelli et al.",
number = "52",
institution = "DEC SRC",
address = "Palo Alto, CA",
month = "November",
year = "1989",
}
